@article{PlatisTheoharis03,
  author = "Nikos Platis and Theoharis Theoharis",
  title = "Fast Ray-Tetrahedron Intersection Using Pl√ºcker Coordinates",
  journal = "journal of graphics, gpu, and game tools",
  volume = "8",
  number = "4",
  pages = "37-48",
  year = "2003",
}

@book{ericson2005real,
  title={Real-time collision detection},
  author={Ericson, C.},
  number={1},
  isbn={9781558607323},
  lccn={2005272332},
  series={Morgan Kaufmann series in interactive 3D technology},
  url={http://books.google.com/books?id=WGpL6Sk9qNAC},
  year={2005},
  publisher={Elsevier}
}




